@book{prasad2004ofdm,
  title={OFDM for wireless communications systems},
  author={Prasad, Ramjee},
  year={2004},
  publisher={Artech House}
}

@webpage{blueesptec,
  title={Bluetooth - Especificações Técnicas},
  url={http://www.gta.ufrj.br/grad/09\_1/versao-final/bluetooth/Page323.htm},
  data={04-12-2016},
  month={Dezembro},
  year={2016}
}

@article{salonidis2005distributed,
  title={Distributed topology construction of Bluetooth wireless personal area networks},
  author={Salonidis, Theodoros and Bhagwat, Pravin and Tassiulas, Leandros and LaMaire, Richard},
  journal={IEEE Journal on Selected Areas in Communications},
  volume={23},
  number={3},
  pages={633--643},
  year={2005},
  publisher={IEEE}
}

@inproceedings{marsan2002optimizing,
  title={Optimizing the topology of Bluetooth wireless personal area networks},
  author={Marsan, Marco Ajmone and Chiasserini, Carla-Fabiana and Nucci, Antonio and Carello, Giuliana and De Giovanni, Luigi},
  booktitle={INFOCOM 2002. Twenty-first annual joint conference of the IEEE computer and communications societies. Proceedings. IEEE},
  volume={2},
  pages={572--579},
  year={2002},
  organization={IEEE}
}

@article{braley2000wireless,
  title={Wireless personal area networks: an overview of the IEEE P802. 15 working group.},
  author={Braley, Richard C and Gifford, Ian C and Heile, Robert F},
  journal={Mobile Computing and Communications Review},
  volume={4},
  number={1},
  pages={26--33},
  year={2000}
}

@article{rubinstein2002qualidade,
  title={Qualidade de servi{\c{c}}o em redes 802.11},
  author={Rubinstein, Marcelo G and Rezende, Jos{\'e} F},
  journal={XX Simp{\'o}sio Brasileiro de Redes de Computadores (SBRC2002)},
  year={2002}
}

@article{srimanth2014design,
  title={Design and Development of Reconfigurable Wi-Fi MAC Layer for Wireless Personal Area Networks (WPAN)},
  author={Srimanth, Mantha Anil and RAO, DR SP VENU MADHAVA},
  year={2014}
}

@inproceedings{kennedy2008review,
  title={A review of WPAN security: attacks and prevention},
  author={Kennedy, Todd and Hunt, Ray},
  booktitle={Proceedings of the international conference on mobile technology, applications, and systems},
  pages={56},
  year={2008},
  organization={ACM}
}

@inproceedings{liang2006impact,
  title={Impact of node heterogeneity in ZigBee mesh network routing},
  author={Liang, Nia-Chiang and Chen, Ping-Chieh and Sun, Tony and Yang, Guang and Chen, Ling-Jyh and Gerla, Mario},
  booktitle={2006 IEEE International Conference on Systems, Man and Cybernetics},
  volume={1},
  pages={187--191},
  year={2006},
  organization={IEEE}
}

@misc{cirilo2014computaccao,
  title={Computa{\c{c}}{\~a}o Ub{\'\i}qua: defini{\c{c}}{\~a}o, princ{\'\i}pios e tecnologias. 2007},
  author={CIRILO, Carlos Eduardo},
  year={2014}
}

@misc{sinem2004zigbee,
  title={ZigBee/IEEE 802.15. 4 Summary},
  author={Sinem, Coleri Ergen},
  journal={2004},
  year={2004}
}

@webpage{zigbee_online,
  title={ZigBee},
  url={https://en.wikipedia.org/wiki/ZigBee},
  data={10-12-2016},
  month={Dezembro},
  year={2016}
}

@webpage{bluetoothwiki,
  title={Bluetooth},
  url={https://pt.wikipedia.org/wiki/Bluetooth},
  data={04-12-2016},
  month={Dezembro},
  year={2016}
}

@article{kobayashi2004tecnologia,
  title={A Tecnologia Bluetooth e aplica{\c{c}}{\~o}es},
  author={KOBAYASHI, Carlos Yassunory},
  journal={Computa{\c{c}}{\~a}o M{\'o}vel--BBC--IME--USP},
  year={2004}
}

@webpage{infareddd,
  title={InfraRed Devices and Drivers},
  url={http://www.ericlindsay.com/computer/irda.htm},
  data={07-12-2016},
  month={Dezembro},
  year={2016}
}

@webpage{wpanonline,
  title={Wireless Personal Area Networks (WPANs)},
  url={http://etutorials.org/Mobile+devices/mobile+wireless+design/Part+One+Introduction+to+the+Mobile+and+Wireless+Landscape/Chapter+3+Wireless+Networks/Wireless+Personal+Area+Networks+WPANs/},
  data={07-12-2016},
  month={Dezembro},
  year={2016}
}

@article{megowan1996irda,
  title={IrDA infrared communications: An overview},
  author={Megowan, Patrick J and Suvak, David W and Knutson, Charles D},
  journal={Counterpoint Systems Foundry, Inc},
  year={1996}
}

@webpage{infaredadvdis,
  title={Advantages of IrDA | Disadvantages of IrDA(Infrared)},
  url={http://www.rfwireless-world.com/Terminology/IrDA-advantages-and-disadvantages.html},
  data={07-12-2016},
  month={Dezembro},
  year={2016}
}