@book{prasad2004ofdm,
  title={OFDM for wireless communications systems},
  author={Prasad, Ramjee},
  year={2004},
  publisher={Artech House}
}